@article{strimbu2010biomarkers,
  title={What are biomarkers?},
  author={Strimbu, Kyle and Tavel, Jorge A},
  journal={Current Opinion in HIV and AIDS},
  volume={5},
  number={6},
  pages={463},
  year={2010},
  publisher={NIH Public Access}
}
@online{Jonathan2014Stack,
author = {{Stack Overflow}},
title = {{Centering image and text in R Markdown for a PDF report}},
year = 2014,
url = {https://stackoverflow.com/questions/24677642/centering-image-and-text-in-r-markdown-for-a-pdf-report},
urldate = {2019-12-10}
}
